@article{pedrycz2006or,
  title={OR/AND neurons and the development of interpretable logic models},
  author={Pedrycz, Witold and Reformat, Marek and Li, Kuwen},
  journal={Neural Networks, IEEE Transactions on},
  volume={17},
  number={3},
  pages={636--658},
  year={2006},
  publisher={IEEE}
}

@article{del2008particle,
  title={Particle swarm optimization: basic concepts, variants and applications in power systems},
  author={Valle, Yamille del and Venayagamoorthy, Ganesh K and Mohagheghi, Salman and Hernandez, J-C and Harley, Ronald G},
  journal={Evolutionary Computation, IEEE Transactions on},
  volume={12},
  number={2},
  pages={171--195},
  year={2008},
  publisher={IEEE}
}

@article{zhang2008active,
  title={Active target particle swarm optimization},
  author={Zhang, Ying-Nan and Hu, Qing-Ni and Teng, Hong-Fei},
  journal={Concurrency and Computation: Practice and Experience},
  volume={20},
  number={1},
  pages={29--40},
  year={2008},
  publisher={Wiley Online Library}
}

@article{sedlaczek2006using,
  title={Using augmented lagrangian particle swarm optimization for constrained problems in engineering},
  author={Sedlaczek, Kai and Eberhard, Peter},
  journal={Structural and Multidisciplinary Optimization},
  volume={32},
  number={4},
  pages={277--286},
  year={2006},
  publisher={Springer}
}
@article{molga2005test,
  title={Test functions for optimization needs},
  author={Molga, Marcin and Smutnicki, Czes{\l}aw},
  journal={Test functions for optimization needs},
  year={2005}
}
@book{chapman2008using,
  title={Using OpenMP: portable shared memory parallel programming},
  author={Chapman, Barbara and Jost, Gabriele and Van Der Pas, Ruud},
  volume={10},
  year={2008},
  publisher={The MIT Press}
}
@article{clerc2002particle,
  title={The particle swarm-explosion, stability, and convergence in a multidimensional complex space},
  author={Clerc, Maurice and Kennedy, James},
  journal={Evolutionary Computation, IEEE Transactions on},
  volume={6},
  number={1},
  pages={58--73},
  year={2002},
  publisher={IEEE}
}
@inproceedings{eberhart2001particle,
  title={Particle swarm optimization: developments, applications and resources},
  author={Eberhart, Russell C and Shi, Yuhui},
  booktitle={Evolutionary Computation, 2001. Proceedings of the 2001 Congress on},
  volume={1},
  pages={81--86},
  year={2001},
  organization={IEEE}
}