@article{arruda2005calculation,
  title={Calculation of the effect of the Soil in the Electromagnetic Field Propagation by Means of Complex Images},
  author={Arruda, F?bio Oliveira Morais and Eller, Weberton Luiz Gon?alves and Le Roy Jesus, Luiz H. and Schroeder, Marco Aur?lio de Oliveira},
  journal={International Symposium on Electromagnetic Compatibility},
  year={2005}
}

@article{adriano2006modelos,
  title={Modelos de Antenas Utilizando o M?todo de Elementos Finitos para Simula??o de Ensaios de Susceptibilidade Eletromagn?tica},
  author={Adriano, Ricardo L. S. and Le Roy Jesus, Luiz H. and Vasconcelos, Jo?o A. and Rego, C?ssio G. and Silva, ?lson J.},
  journal={MOMAG},
  year={2006}
}

@article{adriano2006efeitos,
  title={Efeitos de Interfer?ncias Eletromagn?ticas Descont?nuas em Sistemas de Comunica??es Digitais},
  author={Adriano, Ricardo L. S. and Silmen, Virginie Deniau and Le Roy Jesus, Luiz H. and Vasconcelos, Jo?o A.},
  journal={MOMAG},
  year={2006}
}

@article{del2008particle,
  title={Particle swarm optimization: basic concepts, variants and applications in power systems},
  author={Valle, Yamille del and Venayagamoorthy, Ganesh K and Mohagheghi, Salman and Hernandez, J-C and Harley, Ronald G},
  journal={Evolutionary Computation, IEEE Transactions on},
  volume={12},
  number={2},
  pages={171--195},
  year={2008},
  publisher={IEEE}
}