@article{arruda2005calculation,
  title={Calculation of the effect of the Soil in the Electromagnetic Field Propagation by Means of Complex Images},
  author={Arruda, Fábio Oliveira Morais and Eller, Weberton Luiz Gonçalves and Le Roy Jesus, Luiz H. and Schroeder, Marco Aurélio de Oliveira},
  journal={International Symposium on Electromagnetic Compatibility},
  year={2005}
}

@article{adriano2006modelos,
  title={Modelos de Antenas Utilizando o Método de Elementos Finitos para Simulação de Ensaios de Susceptibilidade Eletromagnética},
  author={Adriano, Ricardo L. S. and Le Roy Jesus, Luiz H. and Vasconcelos, João A. and Rego, Cássio G. and Silva, Élson J.},
  journal={MOMAG},
  year={2006}
}

@article{adriano2006efeitos,
  title={Efeitos de Interferências Eletromagnéticas Descontínuas em Sistemas de Comunicações Digitais},
  author={Adriano, Ricardo L. S. and Silmen, Virginie Deniau and Le Roy Jesus, Luiz H. and Vasconcelos, João A.},
  journal={MOMAG},
  year={2006}
}