@book{anton2013elementary,
  title={Elementary linear algebra},
  author={Anton, Howard},
  year={2013},
  publisher={John Wiley \& Sons}
}