@article{manitsas2012distribution,
  title={Distribution system state estimation using an artificial neural network approach for pseudo measurement modeling},
  author={Manitsas, Efthymios and Singh, Ravindra and Pal, Bikash C and Strbac, Goran},
  journal={Power Systems, IEEE Transactions on},
  volume={27},
  number={4},
  pages={1888--1896},
  year={2012},
  publisher={IEEE}
}

@article{schweppe1970powerI,
  title={Power system static-state estimation, Part I: Exact model},
  author={Schweppe, Fred C and Wilds, J.},
  journal={power apparatus and systems, ieee transactions on},
  number={1},
  pages={125--130},
  year={1970},
  publisher={IEEE}
}

@article{schweppe1970powerII,
  title={Power system static-state estimation, Part II: Approximate model},
  author={Schweppe, Fred C and Rom, DOUGLAS B},
  journal={power apparatus and systems, ieee transactions on},
  number={1},
  pages={125--130},
  year={1970},
  publisher={IEEE}
}

@article{schweppe1970powerIII,
  title={Power system static-state estimation, Part III: Implementation},
  author={Schweppe, Fred C},
  journal={Power Apparatus and Systems, IEEE Transactions on},
  number={1},
  pages={130--135},
  year={1970},
  publisher={IEEE}
}

@book{abur2004power,
  title={Power system state estimation: theory and implementation},
  author={Abur, Ali and Exposito, Antonio Gomez},
  year={2004},
  publisher={CRC Press}
}

@article{monticelli2000electric,
  title={Electric power system state estimation},
  author={Monticelli, A},
  journal={Proceedings of the IEEE},
  volume={88},
  number={2},
  pages={262--282},
  year={2000},
  publisher={IEEE}
}