@article{del2008particle,
  title={Particle swarm optimization: basic concepts, variants and applications in power systems},
  author={Valle, Yamille del and Venayagamoorthy, Ganesh K and Mohagheghi, Salman and Hernandez, J-C and Harley, Ronald G},
  journal={Evolutionary Computation, IEEE Transactions on},
  volume={12},
  number={2},
  pages={171--195},
  year={2008},
  publisher={IEEE}
}
@article{abul2013optimal,
  title={Optimal capacitor placement for enhancing voltage stability in distribution systems using analytical algorithm and Fuzzy-Real Coded GA},
  author={Abul, Ahmed R},
  journal={International Journal of Electrical Power \& Energy Systems},
  volume={55},
  pages={246--252},
  year={2013},
  publisher={Elsevier}
}
@article{hamouda2006efficient,
  title={Efficient load flow method for radial distribution feeders},
  author={Hamouda, Abdellatif and Zehar, Khaled},
  journal={Journal of Applied Sciences},
  volume={6},
  pages={2741--2748},
  year={2006}
}
 @unpublished{aneel2012procedimentos,
 title={Procedimentos de distribuição de energia elétrica no sitema elétrico nacional PRODIST - Módulo 8: Qualidade de Energia elétrica},
 author={ANEEL, Agência},
 year={2012},
 note={Procedimentos da ANEEL}
}
@article{yarmohamadi2012capaictor,
  title={Capacitor Placement Optimization in Transmission System Using Hybrid PSO and HBMO Algorithms},
  author={Yarmohamadi, M and Taghikhani, Mohammad Ali},
  journal={International Journal of Energy and Power},
  volume={1},
  number={1},
  year={2012},
  publisher={Science and Engineering Publishing}
}
@article{zhang2008active,
  title={Active target particle swarm optimization},
  author={Zhang, Ying-Nan and Hu, Qing-Ni and Teng, Hong-Fei},
  journal={Concurrency and Computation: Practice and Experience},
  volume={20},
  number={1},
  pages={29--40},
  year={2008},
  publisher={Wiley Online Library}
}
@article{sedlaczek2006using,
  title={Using augmented lagrangian particle swarm optimization for constrained problems in engineering},
  author={Sedlaczek, Kai and Eberhard, Peter},
  journal={Structural and Multidisciplinary Optimization},
  volume={32},
  number={4},
  pages={277--286},
  year={2006},
  publisher={Springer}
}
@article{molga2005test,
  title={Test functions for optimization needs},
  author={Molga, Marcin and Smutnicki, Czes{\l}aw},
  journal={Test functions for optimization needs},
  year={2005}
}
@book{chapman2008using,
  title={Using OpenMP: portable shared memory parallel programming},
  author={Chapman, Barbara and Jost, Gabriele and Van Der Pas, Ruud},
  volume={10},
  year={2008},
  publisher={The MIT Press}
}

@article{clerc2002particle,
  title={The particle swarm-explosion, stability, and convergence in a multidimensional complex space},
  author={Clerc, Maurice and Kennedy, James},
  journal={Evolutionary Computation, IEEE Transactions on},
  volume={6},
  number={1},
  pages={58--73},
  year={2002},
  publisher={IEEE}
}

@inproceedings{eberhart2001particle,
  title={Particle swarm optimization: developments, applications and resources},
  author={Eberhart, Russell C and Shi, Yuhui},
  booktitle={Evolutionary Computation, 2001. Proceedings of the 2001 Congress on},
  volume={1},
  pages={81--86},
  year={2001},
  organization={IEEE}
}

@article{kim2011optimal,
  title={Optimal Capacitor Placement Considering Voltage-stability Margin with Hybrid Particle Swarm Optimization},
  author={Kim, Taegyun and Lee, Byongjun and Song, Hwachang},
  journal={Journal of Electrical Engineering \& Technology},
  volume={6},
  number={6},
  pages={786--792},
  year={2011},
  publisher={KOREAN INST ELECTR ENG 901 KSTC, 635-4 YEOKSAM-DONG, GANGNAM-GU, SEOUL, 135-703, SOUTH KOREA}
}

@inproceedings{hernandez2006optimal,
  title={Optimal allocation of a STATCOM in a 45 bus section of the Brazillian power system using particle swarm optimization},
  author={Hernandez, JC and Venayagamoorthy, Ganesh K and del Valle, Yamille and Harley, Ronald G},
  booktitle={IEEE Swarm Intelligence Symposium},
  year={2006},
  organization={Institute of Electrical and Electronics Engineers IEEE}
}

@article{baran1989network,
  title={Network reconfiguration in distribution systems for loss reduction and load balancing},
  author={Baran, Mesut E and Wu, Felix F},
  journal={Power Delivery, IEEE Transactions on},
  volume={4},
  number={2},
  pages={1401--1407},
  year={1989},
  publisher={IEEE}
}

@book{kundur1994power,
  title={Power system stability and control},
  author={Kundur, Prabha and Balu, Neal J and Lauby, Mark G},
  volume={7},
  year={1994},
  publisher={McGraw-hill New York}
}

@article{grainger1985voltI,
  title={Volt/Var Control on distribution Systems with lateral branches using shunt capacitors and voltage regulators Part I: The overall problem},
  author={Grainger, JJ and Civanlar, S},
  journal={Power Apparatus and Systems, IEEE Transactions on},
  number={11},
  pages={3278--3283},
  year={1985},
  publisher={IEEE}
}

@article{civanlar1985voltII,
  title={Volt/Var Control on distribution Systems with lateral branches using shunt capacitors and voltage regulators Part II: The Solution Method},
  author={Civanlar, S and Grainger, JJ},
  journal={Power Apparatus and Systems, IEEE Transactions on},
  number={11},
  pages={3284--3290},
  year={1985},
  publisher={IEEE}
}

@article{civanlar1985voltIII,
  title={Volt/var control on distribution systems with lateral branches using shunt capacitors and voltage regulators part III: The numerical results},
  author={Civanlar, S and Grainger, JJ},
  journal={Power Apparatus and Systems, IEEE Transactions on},
  number={11},
  pages={3291--3297},
  year={1985},
  publisher={IEEE}
}

@article{hamouda2013optimal,
  title={Optimal capacitors sizing in distribution feeders using heuristic search based node stability-indices},
  author={Hamouda, Abdellatif and Sayah, Samir},
  journal={International Journal of Electrical Power \& Energy Systems},
  volume={46},
  pages={56--64},
  year={2013},
  publisher={Elsevier}
}

@phdthesis{zimmerman1995comprehensive,
  title={Comprehensive distribution power flow: modeling, formulation, solution algorithms and analysis},
  author={Zimmerman, Ray Daniel},
  year={1995},
  school={Cornell University}
}

@phdthesis{alcantra,
  title={Alocação de Capacitores em Sistemas de Distribuição de Energia Elétrica},
  author={Alcântara, Márcio Venício Pilar},
  year={2005},
  school={Universidade Estadual de Campinas}
}