@article{del2008particle,
  title={Particle swarm optimization: basic concepts, variants and applications in power systems},
  author={del Valle, Yamille and Venayagamoorthy, Ganesh K and Mohagheghi, Salman and Hernandez, J-C and Harley, Ronald G},
  journal={Evolutionary Computation, IEEE Transactions on},
  volume={12},
  number={2},
  pages={171--195},
  year={2008},
  publisher={IEEE}
}
@article{abul2013optimal,
  title={Optimal capacitor placement for enhancing voltage stability in distribution systems using analytical algorithm and Fuzzy-Real Coded GA},
  author={Abul, Ahmed R},
  journal={International Journal of Electrical Power \& Energy Systems},
  volume={55},
  pages={246--252},
  year={2013},
  publisher={Elsevier}
}
@article{hamouda2006efficient,
  title={Efficient load flow method for radial distribution feeders},
  author={Hamouda, Abdellatif and Zehar, Khaled},
  journal={Journal of Applied Sciences},
  volume={6},
  pages={2741--2748},
  year={2006}
}
 @unpublished{aneel2012procedimentos,
 title={Procedimentos de distribuição de energia elétrica no sitema elétrico nacional PRODIST - Módulo 8: Qualidade de Energia elétrica},
 author={ANEEL, Agência},
 year={2012},
 note={Procedimentos da ANEEL}
}
@article{yarmohamadi2012capaictor,
  title={Capacitor Placement Optimization in Transmission System Using Hybrid PSO and HBMO Algorithms},
  author={Yarmohamadi, M and Taghikhani, Mohammad Ali},
  journal={International Journal of Energy and Power},
  volume={1},
  number={1},
  year={2012},
  publisher={Science and Engineering Publishing}
}
@article{zhang2008active,
  title={Active target particle swarm optimization},
  author={Zhang, Ying-Nan and Hu, Qing-Ni and Teng, Hong-Fei},
  journal={Concurrency and Computation: Practice and Experience},
  volume={20},
  number={1},
  pages={29--40},
  year={2008},
  publisher={Wiley Online Library}
}
@article{sedlaczek2006using,
  title={Using augmented lagrangian particle swarm optimization for constrained problems in engineering},
  author={Sedlaczek, Kai and Eberhard, Peter},
  journal={Structural and Multidisciplinary Optimization},
  volume={32},
  number={4},
  pages={277--286},
  year={2006},
  publisher={Springer}
}
@article{molga2005test,
  title={Test functions for optimization needs},
  author={Molga, Marcin and Smutnicki, Czes{\l}aw},
  journal={Test functions for optimization needs},
  year={2005}
}
@book{chapman2008using,
  title={Using OpenMP: portable shared memory parallel programming},
  author={Chapman, Barbara and Jost, Gabriele and Van Der Pas, Ruud},
  volume={10},
  year={2008},
  publisher={The MIT Press}
}